<?xml version="1.0" encoding="UTF-8"?><record xmlns="http://www.loc.gov/MARC21/slim" xmlns:cinclude="http://apache.org/cocoon/include/1.0" xmlns:zs="http://www.loc.gov/zing/srw/">
  <leader>01616cz  a2200253n  4500</leader>
  <controlfield tag="001">n  85180238 </controlfield>
  <controlfield tag="003">DLC</controlfield>
  <controlfield tag="005">20100430074829.0</controlfield>
  <controlfield tag="008">850919nc acannaabn          |b aaa      </controlfield>
  <datafield tag="010" ind1=" " ind2=" ">
    <subfield code="a">n  85180238 </subfield>
    <subfield code="z">n  87112546 </subfield>
    <subfield code="z">n 2008042228</subfield>
    <subfield code="z">n 2008043085</subfield>
    <subfield code="z">n 2002021662</subfield>
  </datafield>
  <datafield tag="035" ind1=" " ind2=" ">
    <subfield code="a">(OCoLC)oca01440278</subfield>
  </datafield>
  <datafield tag="040" ind1=" " ind2=" ">
    <subfield code="a">DLC</subfield>
    <subfield code="b">eng</subfield>
    <subfield code="c">DLC</subfield>
    <subfield code="d">OCoLC</subfield>
    <subfield code="d">DLC</subfield>
    <subfield code="d">OCoLC</subfield>
    <subfield code="d">DLC</subfield>
    <subfield code="d">HkUST</subfield>
  </datafield>
  <datafield tag="100" ind1="1" ind2=" ">
    <subfield code="a">Song, Enrong,</subfield>
    <subfield code="d">1948-</subfield>
  </datafield>
  <datafield tag="400" ind1="1" ind2=" ">
    <subfield code="w">nnea</subfield>
    <subfield code="a">Sung, En-jung</subfield>
  </datafield>
  <datafield tag="400" ind1="1" ind2=" ">
    <subfield code="a">Sung, Yun-Wing,</subfield>
    <subfield code="d">1948-</subfield>
  </datafield>
  <datafield tag="400" ind1="1" ind2=" ">
    <subfield code="a">宋恩榮,</subfield>
    <subfield code="d">1948-</subfield>
  </datafield>
  <datafield tag="667" ind1=" " ind2=" ">
    <subfield code="a">Machine-derived non-Latin script reference project.</subfield>
  </datafield>
  <datafield tag="667" ind1=" " ind2=" ">
    <subfield code="a">Non-Latin script reference not evaluated.</subfield>
  </datafield>
  <datafield tag="670" ind1=" " ind2=" ">
    <subfield code="a">Hsiang kang ching chi, cheng chih, she hui lun tsʻung, 1984:</subfield>
    <subfield code="b">t.p. (宋恩榮 = Sung En-jung)</subfield>
  </datafield>
  <datafield tag="670" ind1=" " ind2=" ">
    <subfield code="a">nuc87-68316: Author's Factor proportions and comparative ... 1979, c1980</subfield>
    <subfield code="b">(hdg. on MnU rept.: Sung, Yun Wing; usage: Yun Wing Sung)</subfield>
  </datafield>
  <datafield tag="670" ind1=" " ind2=" ">
    <subfield code="a">The China Hong Kong connection, 1991:</subfield>
    <subfield code="b">CIP t.p. (Yun-Wing Sung) data sheet (b. Sept. 30, 1948)</subfield>
  </datafield>
  <datafield tag="670" ind1=" " ind2=" ">
    <subfield code="a">Info. from HkCU, June 4, 2002</subfield>
    <subfield code="b">(Song Enrong and Yun-Wing Sung are same person; author now prof. of economics, Chinese Univ. of Hong Kong)</subfield>
  </datafield>
  <datafield tag="670" ind1=" " ind2=" ">
    <subfield code="a">Chinese Univ. of Hong Kong, Dept. of Economics faculty Web site, June 4, 2002</subfield>
    <subfield code="b">(Prof. Sung, Yun-Wing; professor and chairman, Dept. of Economics; B. Soc. Sc., 1970, Univ. of Hong Kong; Ph. D., 1979, Univ. of Minnesota)</subfield>
  </datafield>
  <datafield tag="670" ind1=" " ind2=" ">
    <subfield code="a">Explaining China's export drive, c1991:</subfield>
    <subfield code="b">t.p. (Yun-Wing Sung) t.p. verso (Senior Lecturer in Economics, The Chinese Univ. of H.K.; corresponding editor of Asian Pacific Economic Lit.) end of work (Chinese summary: 宋恩榮 = Song Enrong)</subfield>
  </datafield>
</record>